% Encoding: UTF-8

@Book{Petras2011,
  title         = {Fractional-Order Nonlinear Systems},
  publisher     = {Springer Berlin Heidelberg},
  year          = {2011},
  author        = {Petráš, Ivo},
  __markedentry = {[Part:1]},
  doi           = {10.1007/978-3-642-18101-6},
  file          = {:Bibliografia/Books/Petras_Ivo-2011-Fractional_OrderNonlinearSystems.pdf:PDF},
}

@Book{Olds2009,
  title         = {Continued Fractions},
  publisher     = {The Mathematical Association of America},
  year          = {2009},
  author        = {Olds, C. D.},
  __markedentry = {[Part:1]},
  doi           = {10.5948/upo9780883859261},
  file          = {:Bibliografia/Books/Olds_C_D-1963-Continued_Fractions.pdf:PDF},
}

@Article{Petras2019,
  author        = {Ivo Petráš and Jan Terpak},
  title         = {Fractional Calculus as a Simple Tool for Modeling and Analysis of Long Memory Process in Industry},
  journal       = {Mathematics},
  year          = {2019},
  volume        = {7},
  number        = {6},
  pages         = {511},
  month         = {jun},
  __markedentry = {[Part:1]},
  doi           = {10.3390/math7060511},
  file          = {:Bibliografia/Articles/Petras_Ivo-2019-Fractional_Calculus_as_a_Simple_Tool_for_Modeling.pdf:PDF},
  publisher     = {{MDPI} {AG}},
}

@Article{Li2018,
  author    = {Chunbiao Li and Wesley Joo-Chen Thio and Julien Clinton Sprott and Herbert Ho-Ching Iu and Yujie Xu},
  title     = {Constructing Infinitely Many Attractors in a Programmable Chaotic Circuit},
  journal   = {{IEEE} Access},
  year      = {2018},
  volume    = {6},
  pages     = {29003--29012},
  doi       = {10.1109/access.2018.2824984},
  file      = {:Bibliografia/Articles/Li_Chunbiao-2019-Programmable_Chaotic_Circuit_FPAA.pdf:PDF},
  publisher = {Institute of Electrical and Electronics Engineers ({IEEE})},
}

@Article{Krishna2008,
  author        = {B. T. Krishna and K. V. V. S. Reddy},
  title         = {Active and Passive Realization of Fractance Device of Order 1/2},
  journal       = {Active and Passive Electronic Components},
  year          = {2008},
  volume        = {2008},
  pages         = {1--5},
  __markedentry = {[Part:1]},
  doi           = {10.1155/2008/369421},
  file          = {:Bibliografia/Articles/Krishna-2008-Active_and_Passive_Realization_of_Fractance_Device_of_Order.pdf:PDF},
  publisher     = {Hindawi Limited},
}

@Article{Krishna2011,
  author        = {B.T. Krishna},
  title         = {Studies on fractional order differentiators and integrators: A survey},
  journal       = {Signal Processing},
  year          = {2011},
  volume        = {91},
  number        = {3},
  pages         = {386--426},
  month         = mar,
  __markedentry = {[Part:1]},
  doi           = {10.1016/j.sigpro.2010.06.022},
  file          = {:Bibliografia/Articles/Krishna-2011-Studies_on_fractional_order_differentiators_and_integrators.pdf:PDF},
  publisher     = {Elsevier {BV}},
}

@Article{Lu2006,
  author    = {Jun Guo Lu and Guanrong Chen},
  title     = {A note on the fractional-order Chen system},
  journal   = {Chaos, Solitons {\&} Fractals},
  year      = {2006},
  volume    = {27},
  number    = {3},
  pages     = {685--688},
  month     = {feb},
  doi       = {10.1016/j.chaos.2005.04.037},
  file      = {:Bibliografia/Articles/LuChen-2006-A_note_on_the_fractional_orden_system.pdf:PDF},
  publisher = {Elsevier {BV}},
}

@Book{CharlesAlexander2016,
  title         = {Fundamentals of Electric Circuits},
  publisher     = {McGraw-Hill Education},
  year          = {2016},
  author        = {Charles Alexander, Matthew Sadiku},
  isbn          = {0078028221},
  __markedentry = {[Part:1]},
  date          = {2016-01-13},
  ean           = {9780078028229},
  file          = {:Bibliografia/Books/Sadiku_A_2016-Fundamentals_of_Electric_Circuits.pdf:PDF},
  pagetotal     = {992},
  url           = {https://www.ebook.de/de/product/25236464/charles_alexander_matthew_sadiku_fundamentals_of_electric_circuits.html},
}

@Book{Allen1980,
  title         = {Introduction to the Theory and Design of Active Filters (Electrical Engineering Series)},
  publisher     = {McGraw-Hill Book Company},
  year          = {1980},
  author        = {Lawrence P. Huelsman and Phillip E. Allen},
  __markedentry = {[Part:1]},
  file          = {:Bibliografia/Books/Allen_1980-Introduction_to_the_Theory_and_Design_of_Active_Filters.pdf:PDF},
}

@Article{Munoz-Pacheco2019,
  author    = {Jesus M. Mu{\~{n}}oz-Pacheco},
  title     = {Infinitely many hidden attractors in a new fractional-order chaotic system based on a fracmemristor},
  journal   = {The European Physical Journal Special Topics},
  year      = {2019},
  volume    = {228},
  number    = {10},
  pages     = {2185--2196},
  month     = {oct},
  doi       = {10.1140/epjst/e2019-900035-y},
  file      = {:Bibliografia/Articles/MuñozPacheco-2019-InfinitelyManyHiddenAttractors.pdf:PDF},
  publisher = {Springer Science and Business Media {LLC}},
}

@Book{Munoz-Pacheco2010,
  title         = {Electronic Design Automation of Multi-Scroll Chaos Generators},
  publisher     = {BENTHAM SCIENCE PUB},
  year          = {2010},
  author        = {Jesus Manuel M. Pacheco and Esteban Tlelo Cuautle},
  isbn          = {1608056643},
  __markedentry = {[Part:1]},
  date          = {2018-02-16},
  ean           = {9781608056644},
  file          = {:Bibliografia/Books/Pacheco-2010-Electronic_design_automation_of_multiscroll_chaos_generators.pdf:PDF},
  pagetotal     = {96},
  url           = {https://www.ebook.de/de/product/37706705/esteban_tlelo_cuautle_jesus_manuel_m_pacheco_electronic_design_automation_of_multi_scroll_chaos_generators.html},
}

@Book{Buscarino2014,
  title         = {A Concise Guide to Chaotic Electronic Circuits},
  publisher     = {Springer-Verlag GmbH},
  year          = {2014},
  author        = {Buscarino, Arturo and Fortuna, Luigi and Frasca, Mattia and Sciuto, Gregorio},
  __markedentry = {[Part:1]},
  date          = {2014-04-22},
  ean           = {9783319059006},
  file          = {:Bibliografia/Books/Buscarino-2014-A_concise_guide_to_chaotic_electonic_circuits_.pdf:PDF},
  url           = {https://www.ebook.de/de/product/22552804/arturo_buscarino_luigi_fortuna_mattia_frasca_gregorio_sciuto_a_concise_guide_to_chaotic_electronic_circuits.html},
}

@Article{Khubalkar2018,
  author        = {Swapnil W. Khubalkar and Anjali S. Junghare and Mohan V. Aware and Amit S. Chopade and Shantanu Das},
  title         = {Demonstrative fractional order {\textendash} {PID} controller based {DC} motor drive on digital platform},
  journal       = {{ISA} Transactions},
  year          = {2018},
  volume        = {82},
  pages         = {79--93},
  month         = {nov},
  __markedentry = {[Part:1]},
  doi           = {10.1016/j.isatra.2017.08.019},
  file          = {:Bibliografia/Articles/Swapnil-2018-Denmostrative_fractional_order_PID_controller_based_CD.pdf:PDF},
  publisher     = {Elsevier {BV}},
}

@Article{Tepljakov2016,
  author        = {Aleksei Tepljakov and Emmanuel A. Gonzalez and Eduard Petlenkov and Juri Belikov and Concepci{\'{o}}n A. Monje and Ivo Petr{\'{a}}{\v{s}}},
  title         = {Incorporation of fractional-order dynamics into an existing {PI}/{PID} {DC} motor control loop},
  journal       = {{ISA} Transactions},
  year          = {2016},
  volume        = {60},
  pages         = {262--273},
  month         = {jan},
  __markedentry = {[Part:1]},
  doi           = {10.1016/j.isatra.2015.11.012},
  file          = {:Bibliografia/Articles/Tepljakov-2016-Incorporation_of_fractional_order_dinamics_into_an_existing_PI_PID.pdf:PDF},
  publisher     = {Elsevier {BV}},
}

@Book{Das2007,
  title     = {Functional Fractional Calculus for System Identification and Controls},
  publisher = {Springer-Verlag GmbH},
  year      = {2007},
  author    = {Das, Shantanu},
  date      = {2007-09-26},
  ean       = {9783540727033},
  file      = {:Bibliografia/Books/Das-2007-Functional_Fractional_Calculus.pdf:PDF},
  url       = {https://www.ebook.de/de/product/8898092/shantanu_das_functional_fractional_calculus_for_system_identification_and_controls.html},
}

@Book{Ortigueira2011,
  title         = {Fractional Calculus for Scientists and Engineers},
  publisher     = {Springer-Verlag GmbH},
  year          = {2011},
  author        = {Ortigueira, Manuel Duarte},
  __markedentry = {[Part:1]},
  date          = {2011-06-02},
  ean           = {9789400707474},
  file          = {:Bibliografia/Books/Ortigueira-2011-Fractional_Calculus_For_Scientist.pdf:PDF},
  url           = {https://www.ebook.de/de/product/16208699/manuel_duarte_ortigueira_fractional_calculus_for_scientists_and_engineers.html},
}

@Book{Sedra2015,
  title         = {Microelectronic Circuits},
  publisher     = {Oxford University Press Inc},
  year          = {2015},
  author        = {Adel S. Sedra, Kenneth Smith},
  isbn          = {0199339147},
  __markedentry = {[Part:1]},
  date          = {2015-11-19},
  ean           = {9780199339143},
  file          = {:Bibliografia/Books/Sedra-2015-Microelectronic_Circuits.pdf:PDF},
  pagetotal     = {1472},
  url           = {https://www.ebook.de/de/product/25558764/adel_s_sedra_kenneth_smith_microelectronic_circuits.html},
}

@Comment{jabref-meta: databaseType:bibtex;}
